<record><leader>00000cas a22000007a 4500</leader><controlfield tag="001">30396874</controlfield><controlfield tag="008">940506c19929999txuwr ne      0   a0eng c</controlfield><controlfield tag="009">467</controlfield><datafield ind1=" " ind2=" " tag="010"><subfield code="a">sn 94001212 </subfield></datafield><datafield ind1=" " ind2=" " tag="040"><subfield code="a">NSD</subfield><subfield code="b">eng</subfield><subfield code="c">NSD</subfield><subfield code="d">PPM</subfield><subfield code="d">OCLCQ</subfield></datafield><datafield ind1=" " ind2=" " tag="012"><subfield code="m">1</subfield></datafield><datafield ind1="1" ind2=" " tag="022"><subfield code="a">1076-1004</subfield><subfield code="l">1076-1004</subfield><subfield code="2">1</subfield></datafield><datafield ind1="1" ind2=" " tag="029"><subfield code="a">AU@</subfield><subfield code="b">000010970999</subfield></datafield><datafield ind1=" " ind2=" " tag="032"><subfield code="a">055800</subfield><subfield code="b">USPS</subfield></datafield><datafield ind1=" " ind2=" " tag="042"><subfield code="a">nsdp</subfield><subfield code="a">pcc</subfield></datafield><datafield ind1=" " ind2="4" tag="222"><subfield code="a">The Big Bend sentinel the Marfa independent</subfield></datafield><datafield ind1="0" ind2="4" tag="245"><subfield code="a">The Big Bend sentinel the Marfa independent.</subfield></datafield><datafield ind1="0" ind2="0" tag="246"><subfield code="a">Big Bend sentinel</subfield></datafield><datafield ind1="0" ind2="3" tag="246"><subfield code="a">Big Bend sentinel-independent</subfield></datafield><datafield ind1=" " ind2=" " tag="260"><subfield code="a">Marfa, Tex. :</subfield><subfield code="b">Presidio County Publishers,</subfield></datafield><datafield ind1=" " ind2=" " tag="300"><subfield code="a">v.</subfield></datafield><datafield ind1=" " ind2=" " tag="310"><subfield code="a">Weekly</subfield></datafield><datafield ind1="0" ind2=" " tag="362"><subfield code="a">Vol. 59, no. 9 (May 21, 1992)-</subfield></datafield><datafield ind1=" " ind2=" " tag="752"><subfield code="a">United States</subfield><subfield code="b">Texas</subfield><subfield code="c">Presidio</subfield><subfield code="d">Marfa.</subfield></datafield><datafield ind1="0" ind2="0" tag="780"><subfield code="t">Marfa independent and the Big Bend sentinel</subfield><subfield code="x">0747-119X</subfield><subfield code="w">(DLC)sn   87090109</subfield><subfield code="w">(OCoLC)15528384</subfield></datafield></record>